@article{Prasanthi2023,
  title={Accident Detection and Alert System Using Arduino},
  author={R. Prasanthi and M.U. Nitish Babu and B. Jaswanth and G. Sumith Chandra},
  journal={International Research Journal of Modernization in Engineering Technology and Science},
  volume={7},
  number={4},
  pages={2526--2532},
  year={2023},
  month={Apr}
}

@inproceedings{Gomathy2021,
  title={Accident Detection and Alert System},
  author={C. K. Gomathy and K. Rohan and B. Mani Kiran Reddy and V. Geetha},
  booktitle={2021 International Conference on Computing Methodologies and Communication (ICCMC)},
  pages={311--316},
  year={2021}
}

@article{Aarya2018,
  title={Accident Alert and Tracking Using Arduino},
  author={A. D. S. Aarya and C. K. Athulya and P. Anas and B. Kuriakose and J. S. Joy and L. Thomas},
  journal={International Journal of Advanced Research in Electrical, Electronics and Instrumentation Engineering},
  volume={7},
  number={4},
  pages={1--6},
  year={2018},
  month={Apr}
}

@article{Saranya2017,
  title={Vehicle Accident Prevention Using Sensors},
  author={R. Saranya and R. Arun Kumar},
  journal={International Research Journal of Engineering and Technology (IRJET)},
  volume={4},
  year={2017},
  month={Oct}
}
